@misc{Compleme27:online,
	author = {},
	title = {Complemento a dos - Wikipedia, la enciclopedia libre},
	howpublished = {\url{https://es.wikipedia.org/wiki/Complemento_a_dos}},
	month = {},
	year = {},

}



@misc{Compleme58:online,
	author = {},
	title = {Complemento a uno - Wikipedia, la enciclopedia libre},
	howpublished = {\url{https://es.wikipedia.org/wiki/Complemento_a_uno}},
	month = {},
	year = {},

}


@misc{BinaryNu62:online,
	author = {},
	title = {Binary Number Representations},
	howpublished = {\url{http://www.mathcs.emory.edu/~cheung/Courses/255/others/BinNumReps.html}},
	month = {},
	year = {},

}